@BOOK{maude-book,
  editor    = {Manuel Clavel and
               Francisco Dur{\'a}n and
               Steven Eker and
               Patrick Lincoln and
               Narciso Mart\'{\i}-Oliet and
               Jos{\'e} Meseguer and
               Carolyn L. Talcott},
  title     = {All About Maude - A High-Performance Logical Framework,
               How to Specify, Program and Verify Systems in Rewriting
               Logic},
  booktitle = {All About Maude},
  publisher = {Springer},
  series    = {Lecture Notes in Computer Science},
  volume    = {4350},
  year      = {2007},
  isbn      = {978-3-540-71940-3},
  bibsource = {DBLP, http://dblp.uni-trier.de}
}

@BOOK{ray-book,
  author    = {Sandip Ray},
  title     = {Scalable Techniques for Formal Verification},
  booktitle = {Scalable Techniques for Formal Verification},
  publisher = {Springer},
  year      = {2010},
  isbn      = {978-1-4419-5997-3},
}

@incollection{rocha-wrla12,
  year={2012},
  isbn={978-3-642-34004-8},
  booktitle={Rewriting Logic and Its Applications},
  volume={7571},
  series={Lecture Notes in Computer Science},
  editor={Dur\'{a}n, Franciso},
  doi={10.1007/978-3-642-34005-5_9},
  title={Order-Sorted Equality Enrichments Modulo Axioms},
  url={http://dx.doi.org/10.1007/978-3-642-34005-5_9},
  publisher={Springer Berlin Heidelberg},
  author={Guti\'{e}rrez, Ra\'{u}l and Meseguer, Jos\'{e} and Rocha, Camilo},
  pages={162-181}
}

@BOOK{clarke-book,
  editor    = {Edmund M. Clarke and
               Orna Grumberg and
               Doron Peled},
  title     = {Model Checking},
  booktitle = {Model Checking},
  publisher = {MIT Press},
  year      = {1999},
  isbn      = {0-262-03270-8},
  bibsource = {DBLP, http://dblp.uni-trier.de}
}

@incollection{springerlink:10.1007/978-3-642-22944-2_22,
  editor      = {Corradini, Andrea and Klin, Bartek and C\^{i}rstea, Corina},
  title       = {Proving Safety Properties of Rewrite Theories},
  booktitle   = {Algebra and Coalgebra in Computer Science},
  publisher   = {Springer Berlin / Heidelberg},
  series      = {Lecture Notes in Computer Science},
  volume      = {6859},
  pages       = {314-328},
  year        = {2011},
  isbn        = {978-3-642-22943-5},
  url         = {http://dx.doi.org/10.1007/978-3-642-22944-2_22},
  author      = {Rocha, Camilo and Meseguer, Jos\'{e}},
  affiliation = {University of Illinois, Urbana-Champaign, USA}
}

@PhdThesis{thesis-rocha,
author = {Camilo Rocha},
title = {Symbolic Reachability Analysis for Rewrite Theories},
school = {University of Illinois at Urbana-Champaign},
year = {2012}
}

@article{Meseguer199273,
title = "Conditional rewriting logic as a unified model of concurrency ",
journal = "Theoretical Computer Science ",
volume = "96",
number = "1",
pages = "73 - 155",
year = "1992",
note = "Selected Papers of the 2nd Workshop on Concurrency and Compositionality ",
issn = "0304-3975",
doi = "http://dx.doi.org/10.1016/0304-3975(92)90182-F",
url = "http://www.sciencedirect.com/science/article/pii/030439759290182F",
author = "José Meseguer"
}

@article{DBLP:journals/jlp/DuranM12,
  author    = {Francisco Dur{\'{a}}n and
               Jos{\'{e}} Meseguer},
  title     = {On the Church-Rosser and coherence properties of conditional order-sorted
               rewrite theories},
  journal   = {The Journal of Logic and Algebraic Programming},
  volume    = {81},
  number    = {7-8},
  pages     = {816--850},
  year      = {2012},
  note      = {Rewriting Logic and its Applications},
  url       = {http://dx.doi.org/10.1016/j.jlap.2011.12.004},
  doi       = {10.1016/j.jlap.2011.12.004},
  timestamp = {Thu, 22 Nov 2012 12:50:47 +0100},
  biburl    = {http://dblp.uni-trier.de/rec/bib/journals/jlp/DuranM12},
  bibsource = {dblp computer science bibliography, http://dblp.org}
}

@article{Lucas2009207,
title = "Operational Termination of Membership Equational Programs: the Order-Sorted Way ",
journal = "Electronic Notes in Theoretical Computer Science ",
volume = "238",
number = "3",
pages = "207 - 225",
year = "2009",
note = "Proceedings of the Seventh International Workshop on Rewriting Logic and its Applications (WRLA 2008) ",
issn = "1571-0661",
doi = "http://dx.doi.org/10.1016/j.entcs.2009.05.021",
url = "http://www.sciencedirect.com/science/article/pii/S1571066109001431",
author = "Salvador Lucas and José Meseguer",
}

@incollection{meseguer97,
year={1998},
isbn={978-3-540-64299-2},
booktitle={Recent Trends in Algebraic Development Techniques},
volume={1376},
series={Lecture Notes in Computer Science},
editor={Presicce, FrancescoParisi},
doi={10.1007/3-540-64299-4_26},
title={Membership algebra as a logical framework for equational specification},
url={http://dx.doi.org/10.1007/3-540-64299-4_26},
publisher={Springer Berlin Heidelberg},
author={Meseguer, José},
pages={18-61},
language={English}
}

@ARTICLE{bruni06,
  author = {Roberto Bruni and Jos{\'e} Meseguer},
  title = {Semantic foundations for generalized rewrite theories},
  journal = {Theoretical Computer Science},
  year = {2006},
  volume = {360},
  pages = {386-414},
  number = {1-3},
  bibsource = {DBLP, http://dblp.uni-trier.de},
  ee = {http://dx.doi.org/10.1016/j.tcs.2006.04.012}
}

@incollection{tr-rocha,
year={2011},
isbn={978-3-642-22943-5},
booktitle={Algebra and Coalgebra in Computer Science},
volume={6859},
series={Lecture Notes in Computer Science},
editor={Corradini, Andrea and Klin, Bartek and Cîrstea, Corina},
doi={10.1007/978-3-642-22944-2_22},
title={Proving Safety Properties of Rewrite Theories},
url={http://dx.doi.org/10.1007/978-3-642-22944-2_22},
publisher={Springer Berlin Heidelberg},
author={Rocha, Camilo and Meseguer, José},
pages={314-328},
language={English}
}

@article{Meseguer2008239,
title = "Equational abstractions ",
journal = "Theoretical Computer Science ",
volume = "403",
number = "2–3",
pages = "239 - 264",
year = "2008",
note = "",
issn = "0304-3975",
doi = "http://dx.doi.org/10.1016/j.tcs.2008.04.040",
url = "http://www.sciencedirect.com/science/article/pii/S0304397508003605",
author = "José Meseguer and Miguel Palomino and Narciso Martí-Oliet",
keywords = "Rewriting logic",
keywords = "Maude",
keywords = "Algebraic specification",
keywords = "Model checking",
keywords = "\{LTL\}",
keywords = "Abstractions "
}

@article{Mendler1995,
 author = "Mendler, Nax P. and Panangaden, Prakash and Scott, P. J. and Seely, R. A. G.",
 title = "A Logical View of Concurrent Constraint Programming",
 journal = "Publishing Association Nordic Journal of Computing",
 volume = "2",
 number = "2",
 year = "1995",
 issn = "1236-6064",
 pages = "181 - 220",
 url = "http://dl.acm.org/citation.cfm?id=642068.642073",
 keywords = "categories",
 keywords = "concurrent",
 keywords = "constraint",
 keywords = "programming",
 keywords = "hyperdoctrines",
 keywords = "logic",
 keywords = "simulation"
} 

% ----------

@article{DEBOER199537,
title = "Nondeterminism and infinite computations in constraint programming",
journal = "Theoretical Computer Science",
volume = "151",
number = "1",
pages = "37 - 78",
year = "1995",
note = "",
issn = "0304-3975",
doi = "http://dx.doi.org/10.1016/0304-3975(95)00047-Z",
url = "http://www.sciencedirect.com/science/article/pii/030439759500047Z",
author = "Frank S. de Boer and Alessandra Di Pierro and Catuscia Palamidessi",
}

@inproceedings{knight:hal-00761116,
  TITLE = {{Spatial and Epistemic Modalities in Constraint-Based Process Calculi}},
  AUTHOR = {Knight, Sophia and Palamidessi, Catuscia and Panangaden, Prakash and Valencia, Frank D.},
  URL = {https://hal.archives-ouvertes.fr/hal-00761116},
  BOOKTITLE = {{CONCUR 2012 -  23rd International Conference on Concurrency Theory}},
  ADDRESS = {Newcastle upon Tyne, United Kingdom},
  EDITOR = {Maciej Koutny and Irek Ulidowski},
  PUBLISHER = {{Springer}},
  SERIES = {Lecture Notes in Computer Science},
  VOLUME = {7454},
  PAGES = {317-332},
  YEAR = {2012},
  MONTH = Sep,
  DOI = {10.1007/978-3-642-32940-1},
  KEYWORDS = {Modal Logic ; Social Networks ; Epistemic Logic ; Knowledge ; Constraint Programming ; Concurrency ; Cloud Storage},
  PDF = {https://hal.archives-ouvertes.fr/hal-00761116/file/eccp.pdf},
  HAL_ID = {hal-00761116},
  HAL_VERSION = {v1},
}

@article{Nielsen:2002:TCC:643009.643014,
 author = {Nielsen, Mogens and Palamidessi, Catuscia and Valencia, Frank D.},
 title = {Temporal Concurrent Constraint Programming: Denotation, Logic and Applications},
 journal = {Nordic J. of Computing},
 issue_date = {Summer 2002},
 volume = {9},
 number = {2},
 month = jun,
 year = {2002},
 issn = {1236-6064},
 pages = {145--188},
 numpages = {44},
 url = {http://dl.acm.org/citation.cfm?id=643009.643014},
 acmid = {643014},
 publisher = {Publishing Association Nordic Journal of Computing},
 address = {Finland},
 keywords = {calculi for concurrency, multi-agent systems, musical applications, program specification, reactive systems, temporal concurrent constraint programming, timed systems},
} 

@phdthesis{olarte:tel-00430446,
  TITLE = {{Universal Temporal Concurrent Constraint Programming}},
  AUTHOR = {Olarte, Carlos},
  URL = {https://pastel.archives-ouvertes.fr/tel-00430446},
  SCHOOL = {{Ecole Polytechnique X}},
  YEAR = {2009},
  MONTH = Sep,
  KEYWORDS = {Concurrent Constraint programming ; Security ; Semantics ; Programmation Concurrent par Contraintes ; s{\'e}curit{\'e} ; s{\'e}mantiques},
  TYPE = {Theses},
  PDF = {https://pastel.archives-ouvertes.fr/tel-00430446/file/thesis.pdf},
  HAL_ID = {tel-00430446},
  HAL_VERSION = {v1},
}

@incollection{Schulte2006495,
title = "Chapter 14 - Finite Domain Constraint Programming Systems ",
editor = "Francesca Rossi, Peter van Beek and Toby Walsh",
booktitle = "Handbook of Constraint Programming",
publisher = "Elsevier",
year = "2006",
volume = "2",
pages = "495 - 526",
series = "Foundations of Artificial Intelligence ",
issn = "1574-6526",
doi = "http://dx.doi.org/10.1016/S1574-6526(06)80018-0",
url = "http://www.sciencedirect.com/science/article/pii/S1574652606800180",
author = "Christian Schulte and Mats Carlsson"
}

@book{burris1981course,
  title={A course in universal algebra},
  author={Burris, S. and Sankappanavar, H.P.},
  isbn={9780387905785},
  lccn={81001619},
  series={Graduate texts in mathematics},
  url={https://books.google.com.co/books?id=2grvAAAAMAAJ},
  year={1981},
  publisher={Springer-Verlag}
}

@misc{ebnfdoc,
  key={EBNF},
  title = {EBNF: A Notation to Describe Syntax},
  url = {https://www.cs.cmu.edu/~pattis/misc/ebnf.pdf},
  urldate = {2017-01-25}
}